@COMMENT{ Capitalization of titles only occurs for words in double curly braces.
          In order to define the capitalization of the whole title, put the
          whole title in curly braces, e.g. title={{Capitalized Paper Title}}
}

@electronic{discord,
  author        = {Discord},
  title         = {Discord — Free Voice and Text Chat for Gamers},
  url           = {https://discordapp.com/},
  year          = {2020}
}

@electronic{github,
  author        = {Github},
  title         = {Build software better, together},
  url           = {https://github.com/},
  year          = {2020}
}

@article{LowCostBLE,
  author    = {L. Baumgärtner and A. Penning and P. Lampe and B. Richerzhagen and R. Steinmetz and B. Freisleben},
  title     = {Environmental Monitoring Using Low-Cost Hardware and Infrastructureless Wireless Communication},
  journal   = {IEEE},
  month     = {},
  year      = {2018},
  volume    = {},
  number    = {},
  pages     = {1-8},
  abstract  = {},
  note      = {},
  comment   = {}
}

@article{SmartSprinkler,
  author    = {L. S. R. Mechsy and M. U. B. Dias and W. Pragithmukar and A. L. Kulasekera},
  title     = {A mobile robot based watering system for smart lawn maintenance},
  journal   = {IEEE},
  month     = {},
  year      = {2017},
  volume    = {},
  number    = {},
  pages     = {1537-1542},
  abstract  = {},
  note      = {},
  comment   = {}
}

@electronic{micropy,
  author        = {Micropython},
  title         = {Quick reference for the ESP32},
  url           = {http://docs.micropython.org/en/latest/esp32/quickref.html?highlight=dht},
  year          = {2020}
}

@electronic{rasServer,
  author        = {Random Nerd Tutorials},
  title         = {Raspberry Pi LAMP Server},
  url           = {https://randomnerdtutorials.com/esp32-esp8266-raspberry-pi-lamp-server/},
  year          = {2013}
}

@electronic{SIP,
  author        = {Dan-in-CA},
  title         = {Sustainable Irrigation Platform},
  url           = {https://dan-in-ca.github.io/SIP/},
  year          = {2020}
}

@electronic{OpenSprinkler,
  author        = {Ray Wang, Samer Albahra},
  title         = {Open Sprinkler},
  url           = {https://opensprinkler.com/},
  year          = {2020}
}

@COMMENT{  TEMPLATES FOR BIBLIOGRAPHY STYLES:


%% This is for papers in conference proceedings
%% conference == inproceedings
@inproceedings{,
  author       = {},
  title        = {},
  booktitle    = {},
  organization = {},
  publisher    = {},
  editor       = {},
  volume       = {},
  series       = {},
  address      = {},
  pages        = {},
  month        = {},
  year         = {},
  note         = {},
  comment      = {}
}



%% This is for journal papers
@article{,
  author    = {},
  title     = {},
  journal   = {},
  month     = {},
  year      = {},
  volume    = {},
  number    = {},
  pages     = {},
  abstract  = {},
  note      = {},
  comment   = {}
}

%%include author OR editor, volume OR number, not both:
@book{,
  author    = {},
  editor    = {},
  title     = {},
  publisher = {},
  address   = {},
  series    = {},
  volume    = {},
  edition   = {},
  year      = {},
  note      = {},
  comment   = {}
}



%% a section in book with own title is called incollection, and same as inbook:
%% Include author OR editor, chapter ANDOR pages, volume OR number, not both 
@inbook{,
  author    = {},
  title     = {},
  chapter   = {},
  publisher = {},
  address   = {},
  series    = {},
  volume    = {},
  type      = {},
  edition   = {},
  year      = {},
  isbn      = {},
  note      = {},
  comment   = {}
}



%%% howpublished will contain the pdf file, such as: {{bibtex\_guide.pdf}}
@electronic{,
  author        = {},
  title         = {},
  howpublished  = {{}},
  url           = {},
  month         = {},
  year          = {}
}


%% Type will be application, such as: type = "Patent Application",
%% address is that of the assignee
@patent{,
  author        = {},
  assignee      = {},
  address       = {},
  title         = {},
  nationality   = {},
  type          = {},
  number        = {},
  dayfiled      = {},
  monthfiled    = {},
  yearfiled     = {},
  day           = {},
  month         = {},
  year          = {}
}




@manual{,
  author       = {},
  title        = {},
  organization = {},
  address      = {},
  edition      = {},
  month        = {},
  year         = {},
  note         = {},
  comment      = {}
}



@mastersthesis{,
  author       = {},
  title        = {},
  school       = {},
  address      = {},
  month        = {},
  year         = {},
  type         = {},
  note         = {},
  comment      = {}
}

%% use:  key when there is no author
@misc{,
  author       = {},
  title        = {},
  howpublished = {},
  month        = {},
  year         = {},
  note         = {},
  comment      = {}
}


@phdthesis{,
  author       = {},
  title        = {},
  school       = {},
  address      = {},
  month        = {},
  year         = {},
  keywords     = {},
  note         = {},
  comment      = {}
}



@TechReport{,
  author       = {},
  title        = {},
  institution  = {},
  number       = {},
  type         = {},
  month        = {},
  year         = {},
  note         = {},
  comment      = {}
}


@unpublished{,
  author       = {},
  title        = {},
  month        = {},
  year         = {},
  note         = {},
  comment      = {}
}

}