@COMMENT{ Capitalization of titles only occurs for words in double curly braces.
          In order to define the capitalization of the whole title, put the
          whole title in curly braces, e.g. title={{Capitalized Paper Title}}
}

@electronic{discord,
  author        = {Discord},
  title         = {Discord â€” Free Voice and Text Chat for Gamers},
  url           = {https://discordapp.com/},
  year          = {2020}
}

@electronic{github,
  author        = {Github},
  title         = {Build software better, together},
  url           = {https://github.com/},
  year          = {2020}
}


@COMMENT{  TEMPLATES FOR BIBLIOGRAPHY STYLES:


%% This is for papers in conference proceedings
%% conference == inproceedings
@inproceedings{,
  author       = {},
  title        = {},
  booktitle    = {},
  organization = {},
  publisher    = {},
  editor       = {},
  volume       = {},
  series       = {},
  address      = {},
  pages        = {},
  month        = {},
  year         = {},
  note         = {},
  comment      = {}
}



%% This is for journal papers
@article{,
  author    = {},
  title     = {},
  journal   = {},
  month     = {},
  year      = {},
  volume    = {},
  number    = {},
  pages     = {},
  abstract  = {},
  note      = {},
  comment   = {}
}

%%include author OR editor, volume OR number, not both:
@book{,
  author    = {},
  editor    = {},
  title     = {},
  publisher = {},
  address   = {},
  series    = {},
  volume    = {},
  edition   = {},
  year      = {},
  note      = {},
  comment   = {}
}



%% a section in book with own title is called incollection, and same as inbook:
%% Include author OR editor, chapter ANDOR pages, volume OR number, not both 
@inbook{,
  author    = {},
  title     = {},
  chapter   = {},
  publisher = {},
  address   = {},
  series    = {},
  volume    = {},
  type      = {},
  edition   = {},
  year      = {},
  isbn      = {},
  note      = {},
  comment   = {}
}



%%% howpublished will contain the pdf file, such as: {{bibtex\_guide.pdf}}
@electronic{,
  author        = {},
  title         = {},
  howpublished  = {{}},
  url           = {},
  month         = {},
  year          = {}
}


%% Type will be application, such as: type = "Patent Application",
%% address is that of the assignee
@patent{,
  author        = {},
  assignee      = {},
  address       = {},
  title         = {},
  nationality   = {},
  type          = {},
  number        = {},
  dayfiled      = {},
  monthfiled    = {},
  yearfiled     = {},
  day           = {},
  month         = {},
  year          = {}
}




@manual{,
  author       = {},
  title        = {},
  organization = {},
  address      = {},
  edition      = {},
  month        = {},
  year         = {},
  note         = {},
  comment      = {}
}



@mastersthesis{,
  author       = {},
  title        = {},
  school       = {},
  address      = {},
  month        = {},
  year         = {},
  type         = {},
  note         = {},
  comment      = {}
}

%% use:  key when there is no author
@misc{,
  author       = {},
  title        = {},
  howpublished = {},
  month        = {},
  year         = {},
  note         = {},
  comment      = {}
}


@phdthesis{,
  author       = {},
  title        = {},
  school       = {},
  address      = {},
  month        = {},
  year         = {},
  keywords     = {},
  note         = {},
  comment      = {}
}



@TechReport{,
  author       = {},
  title        = {},
  institution  = {},
  number       = {},
  type         = {},
  month        = {},
  year         = {},
  note         = {},
  comment      = {}
}


@unpublished{,
  author       = {},
  title        = {},
  month        = {},
  year         = {},
  note         = {},
  comment      = {}
}

}